%YAML 1.1
%TAG !u! tag:unity3d.com,2011:
--- !u!1 &120162632868029832
GameObject:
  m_ObjectHideFlags: 0
  m_CorrespondingSourceObject: {fileID: 0}
  m_PrefabInstance: {fileID: 0}
  m_PrefabAsset: {fileID: 0}
  serializedVersion: 6
  m_Component:
  - component: {fileID: 885228987654952622}
  m_Layer: 0
  m_Name: BlockVariantParent3
  m_TagString: Untagged
  m_Icon: {fileID: 0}
  m_NavMeshLayer: 0
  m_StaticEditorFlags: 0
  m_IsActive: 1
--- !u!4 &885228987654952622
Transform:
  m_ObjectHideFlags: 0
  m_CorrespondingSourceObject: {fileID: 0}
  m_PrefabInstance: {fileID: 0}
  m_PrefabAsset: {fileID: 0}
  m_GameObject: {fileID: 120162632868029832}
  m_LocalRotation: {x: 0, y: 0, z: 0, w: 1}
  m_LocalPosition: {x: 0, y: 0, z: 0}
  m_LocalScale: {x: 0.65, y: 0.65, z: 0.65}
  m_Children:
  - {fileID: 1478299565811705486}
  m_Father: {fileID: 0}
  m_RootOrder: 0
  m_LocalEulerAnglesHint: {x: 0, y: 0, z: 0}
--- !u!1 &1478299565811705487
GameObject:
  m_ObjectHideFlags: 0
  m_CorrespondingSourceObject: {fileID: 0}
  m_PrefabInstance: {fileID: 0}
  m_PrefabAsset: {fileID: 0}
  serializedVersion: 6
  m_Component:
  - component: {fileID: 1478299565811705486}
  - component: {fileID: 3493640367014685964}
  - component: {fileID: 5248960034479312701}
  m_Layer: 0
  m_Name: BlockVariant3
  m_TagString: Untagged
  m_Icon: {fileID: 0}
  m_NavMeshLayer: 0
  m_StaticEditorFlags: 0
  m_IsActive: 1
--- !u!4 &1478299565811705486
Transform:
  m_ObjectHideFlags: 0
  m_CorrespondingSourceObject: {fileID: 0}
  m_PrefabInstance: {fileID: 0}
  m_PrefabAsset: {fileID: 0}
  m_GameObject: {fileID: 1478299565811705487}
  m_LocalRotation: {x: 0, y: 0, z: 0, w: 1}
  m_LocalPosition: {x: 0, y: 1, z: 0}
  m_LocalScale: {x: 1, y: 1, z: 1}
  m_Children:
  - {fileID: 255833051105197404}
  - {fileID: 255833049847551240}
  - {fileID: 255833050615816476}
  - {fileID: 255833049246715518}
  - {fileID: 255833049639749892}
  - {fileID: 255833051268400428}
  - {fileID: 255833049558185208}
  - {fileID: 255833050901426906}
  - {fileID: 255833050490457525}
  m_Father: {fileID: 885228987654952622}
  m_RootOrder: 0
  m_LocalEulerAnglesHint: {x: 0, y: 0, z: 0}
--- !u!114 &3493640367014685964
MonoBehaviour:
  m_ObjectHideFlags: 0
  m_CorrespondingSourceObject: {fileID: 0}
  m_PrefabInstance: {fileID: 0}
  m_PrefabAsset: {fileID: 0}
  m_GameObject: {fileID: 1478299565811705487}
  m_Enabled: 1
  m_EditorHideFlags: 0
  m_Script: {fileID: 11500000, guid: 18e16597ae64d084385a4f10f955a33c, type: 3}
  m_Name: 
  m_EditorClassIdentifier: 
  draggable: 0
  placed: 0
  units: []
  ColoumnXs: 
  markerOnSlots: []
  markerOffSlots: []
  rowYs: 
  isGameOver: 0
  parentTransform: {fileID: 0}
  colourSprites: []
--- !u!61 &5248960034479312701
BoxCollider2D:
  m_ObjectHideFlags: 0
  m_CorrespondingSourceObject: {fileID: 0}
  m_PrefabInstance: {fileID: 0}
  m_PrefabAsset: {fileID: 0}
  m_GameObject: {fileID: 1478299565811705487}
  m_Enabled: 1
  m_Density: 1
  m_Material: {fileID: 0}
  m_IsTrigger: 1
  m_UsedByEffector: 0
  m_UsedByComposite: 0
  m_Offset: {x: 0, y: 0}
  m_SpriteTilingProperty:
    border: {x: 0, y: 0, z: 0, w: 0}
    pivot: {x: 0, y: 0}
    oldSize: {x: 0, y: 0}
    newSize: {x: 0, y: 0}
    adaptiveTilingThreshold: 0
    drawMode: 0
    adaptiveTiling: 0
  m_AutoTiling: 0
  serializedVersion: 2
  m_Size: {x: 4, y: 4}
  m_EdgeRadius: 0
--- !u!1001 &1478299564065690115
PrefabInstance:
  m_ObjectHideFlags: 0
  serializedVersion: 2
  m_Modification:
    m_TransformParent: {fileID: 1478299565811705486}
    m_Modifications:
    - target: {fileID: 1661581228513992926, guid: f6149485bcbfd7a49908d72dbf0b3f58,
        type: 3}
      propertyPath: m_Name
      value: BlockUnit (7)
      objectReference: {fileID: 0}
    - target: {fileID: 1661581228513992921, guid: f6149485bcbfd7a49908d72dbf0b3f58,
        type: 3}
      propertyPath: m_LocalPosition.x
      value: 0
      objectReference: {fileID: 0}
    - target: {fileID: 1661581228513992921, guid: f6149485bcbfd7a49908d72dbf0b3f58,
        type: 3}
      propertyPath: m_LocalPosition.y
      value: -1
      objectReference: {fileID: 0}
    - target: {fileID: 1661581228513992921, guid: f6149485bcbfd7a49908d72dbf0b3f58,
        type: 3}
      propertyPath: m_LocalPosition.z
      value: 0
      objectReference: {fileID: 0}
    - target: {fileID: 1661581228513992921, guid: f6149485bcbfd7a49908d72dbf0b3f58,
        type: 3}
      propertyPath: m_LocalRotation.x
      value: -0
      objectReference: {fileID: 0}
    - target: {fileID: 1661581228513992921, guid: f6149485bcbfd7a49908d72dbf0b3f58,
        type: 3}
      propertyPath: m_LocalRotation.y
      value: -0
      objectReference: {fileID: 0}
    - target: {fileID: 1661581228513992921, guid: f6149485bcbfd7a49908d72dbf0b3f58,
        type: 3}
      propertyPath: m_LocalRotation.z
      value: -0
      objectReference: {fileID: 0}
    - target: {fileID: 1661581228513992921, guid: f6149485bcbfd7a49908d72dbf0b3f58,
        type: 3}
      propertyPath: m_LocalRotation.w
      value: 1
      objectReference: {fileID: 0}
    - target: {fileID: 1661581228513992921, guid: f6149485bcbfd7a49908d72dbf0b3f58,
        type: 3}
      propertyPath: m_RootOrder
      value: 7
      objectReference: {fileID: 0}
    - target: {fileID: 1661581228513992921, guid: f6149485bcbfd7a49908d72dbf0b3f58,
        type: 3}
      propertyPath: m_LocalEulerAnglesHint.x
      value: 0
      objectReference: {fileID: 0}
    - target: {fileID: 1661581228513992921, guid: f6149485bcbfd7a49908d72dbf0b3f58,
        type: 3}
      propertyPath: m_LocalEulerAnglesHint.y
      value: 0
      objectReference: {fileID: 0}
    - target: {fileID: 1661581228513992921, guid: f6149485bcbfd7a49908d72dbf0b3f58,
        type: 3}
      propertyPath: m_LocalEulerAnglesHint.z
      value: 0
      objectReference: {fileID: 0}
    m_RemovedComponents: []
  m_SourcePrefab: {fileID: 100100000, guid: f6149485bcbfd7a49908d72dbf0b3f58, type: 3}
--- !u!4 &255833050901426906 stripped
Transform:
  m_CorrespondingSourceObject: {fileID: 1661581228513992921, guid: f6149485bcbfd7a49908d72dbf0b3f58,
    type: 3}
  m_PrefabInstance: {fileID: 1478299564065690115}
  m_PrefabAsset: {fileID: 0}
--- !u!1001 &1478299564365637109
PrefabInstance:
  m_ObjectHideFlags: 0
  serializedVersion: 2
  m_Modification:
    m_TransformParent: {fileID: 1478299565811705486}
    m_Modifications:
    - target: {fileID: 1661581228513992926, guid: f6149485bcbfd7a49908d72dbf0b3f58,
        type: 3}
      propertyPath: m_Name
      value: BlockUnit (5)
      objectReference: {fileID: 0}
    - target: {fileID: 1661581228513992921, guid: f6149485bcbfd7a49908d72dbf0b3f58,
        type: 3}
      propertyPath: m_LocalPosition.x
      value: 1
      objectReference: {fileID: 0}
    - target: {fileID: 1661581228513992921, guid: f6149485bcbfd7a49908d72dbf0b3f58,
        type: 3}
      propertyPath: m_LocalPosition.y
      value: 0
      objectReference: {fileID: 0}
    - target: {fileID: 1661581228513992921, guid: f6149485bcbfd7a49908d72dbf0b3f58,
        type: 3}
      propertyPath: m_LocalPosition.z
      value: 0
      objectReference: {fileID: 0}
    - target: {fileID: 1661581228513992921, guid: f6149485bcbfd7a49908d72dbf0b3f58,
        type: 3}
      propertyPath: m_LocalRotation.x
      value: -0
      objectReference: {fileID: 0}
    - target: {fileID: 1661581228513992921, guid: f6149485bcbfd7a49908d72dbf0b3f58,
        type: 3}
      propertyPath: m_LocalRotation.y
      value: -0
      objectReference: {fileID: 0}
    - target: {fileID: 1661581228513992921, guid: f6149485bcbfd7a49908d72dbf0b3f58,
        type: 3}
      propertyPath: m_LocalRotation.z
      value: -0
      objectReference: {fileID: 0}
    - target: {fileID: 1661581228513992921, guid: f6149485bcbfd7a49908d72dbf0b3f58,
        type: 3}
      propertyPath: m_LocalRotation.w
      value: 1
      objectReference: {fileID: 0}
    - target: {fileID: 1661581228513992921, guid: f6149485bcbfd7a49908d72dbf0b3f58,
        type: 3}
      propertyPath: m_RootOrder
      value: 5
      objectReference: {fileID: 0}
    - target: {fileID: 1661581228513992921, guid: f6149485bcbfd7a49908d72dbf0b3f58,
        type: 3}
      propertyPath: m_LocalEulerAnglesHint.x
      value: 0
      objectReference: {fileID: 0}
    - target: {fileID: 1661581228513992921, guid: f6149485bcbfd7a49908d72dbf0b3f58,
        type: 3}
      propertyPath: m_LocalEulerAnglesHint.y
      value: 0
      objectReference: {fileID: 0}
    - target: {fileID: 1661581228513992921, guid: f6149485bcbfd7a49908d72dbf0b3f58,
        type: 3}
      propertyPath: m_LocalEulerAnglesHint.z
      value: 0
      objectReference: {fileID: 0}
    m_RemovedComponents: []
  m_SourcePrefab: {fileID: 100100000, guid: f6149485bcbfd7a49908d72dbf0b3f58, type: 3}
--- !u!4 &255833051268400428 stripped
Transform:
  m_CorrespondingSourceObject: {fileID: 1661581228513992921, guid: f6149485bcbfd7a49908d72dbf0b3f58,
    type: 3}
  m_PrefabInstance: {fileID: 1478299564365637109}
  m_PrefabAsset: {fileID: 0}
--- !u!1001 &1478299564537896325
PrefabInstance:
  m_ObjectHideFlags: 0
  serializedVersion: 2
  m_Modification:
    m_TransformParent: {fileID: 1478299565811705486}
    m_Modifications:
    - target: {fileID: 1661581228513992926, guid: f6149485bcbfd7a49908d72dbf0b3f58,
        type: 3}
      propertyPath: m_Name
      value: BlockUnit
      objectReference: {fileID: 0}
    - target: {fileID: 1661581228513992921, guid: f6149485bcbfd7a49908d72dbf0b3f58,
        type: 3}
      propertyPath: m_LocalPosition.x
      value: 0
      objectReference: {fileID: 0}
    - target: {fileID: 1661581228513992921, guid: f6149485bcbfd7a49908d72dbf0b3f58,
        type: 3}
      propertyPath: m_LocalPosition.y
      value: 0
      objectReference: {fileID: 0}
    - target: {fileID: 1661581228513992921, guid: f6149485bcbfd7a49908d72dbf0b3f58,
        type: 3}
      propertyPath: m_LocalPosition.z
      value: 0
      objectReference: {fileID: 0}
    - target: {fileID: 1661581228513992921, guid: f6149485bcbfd7a49908d72dbf0b3f58,
        type: 3}
      propertyPath: m_LocalRotation.x
      value: -0
      objectReference: {fileID: 0}
    - target: {fileID: 1661581228513992921, guid: f6149485bcbfd7a49908d72dbf0b3f58,
        type: 3}
      propertyPath: m_LocalRotation.y
      value: -0
      objectReference: {fileID: 0}
    - target: {fileID: 1661581228513992921, guid: f6149485bcbfd7a49908d72dbf0b3f58,
        type: 3}
      propertyPath: m_LocalRotation.z
      value: -0
      objectReference: {fileID: 0}
    - target: {fileID: 1661581228513992921, guid: f6149485bcbfd7a49908d72dbf0b3f58,
        type: 3}
      propertyPath: m_LocalRotation.w
      value: 1
      objectReference: {fileID: 0}
    - target: {fileID: 1661581228513992921, guid: f6149485bcbfd7a49908d72dbf0b3f58,
        type: 3}
      propertyPath: m_RootOrder
      value: 0
      objectReference: {fileID: 0}
    - target: {fileID: 1661581228513992921, guid: f6149485bcbfd7a49908d72dbf0b3f58,
        type: 3}
      propertyPath: m_LocalEulerAnglesHint.x
      value: 0
      objectReference: {fileID: 0}
    - target: {fileID: 1661581228513992921, guid: f6149485bcbfd7a49908d72dbf0b3f58,
        type: 3}
      propertyPath: m_LocalEulerAnglesHint.y
      value: 0
      objectReference: {fileID: 0}
    - target: {fileID: 1661581228513992921, guid: f6149485bcbfd7a49908d72dbf0b3f58,
        type: 3}
      propertyPath: m_LocalEulerAnglesHint.z
      value: 0
      objectReference: {fileID: 0}
    m_RemovedComponents: []
  m_SourcePrefab: {fileID: 100100000, guid: f6149485bcbfd7a49908d72dbf0b3f58, type: 3}
--- !u!4 &255833051105197404 stripped
Transform:
  m_CorrespondingSourceObject: {fileID: 1661581228513992921, guid: f6149485bcbfd7a49908d72dbf0b3f58,
    type: 3}
  m_PrefabInstance: {fileID: 1478299564537896325}
  m_PrefabAsset: {fileID: 0}
--- !u!1001 &1478299564996914540
PrefabInstance:
  m_ObjectHideFlags: 0
  serializedVersion: 2
  m_Modification:
    m_TransformParent: {fileID: 1478299565811705486}
    m_Modifications:
    - target: {fileID: 1661581228513992926, guid: f6149485bcbfd7a49908d72dbf0b3f58,
        type: 3}
      propertyPath: m_Name
      value: BlockUnit (8)
      objectReference: {fileID: 0}
    - target: {fileID: 1661581228513992921, guid: f6149485bcbfd7a49908d72dbf0b3f58,
        type: 3}
      propertyPath: m_LocalPosition.x
      value: -1
      objectReference: {fileID: 0}
    - target: {fileID: 1661581228513992921, guid: f6149485bcbfd7a49908d72dbf0b3f58,
        type: 3}
      propertyPath: m_LocalPosition.y
      value: -1
      objectReference: {fileID: 0}
    - target: {fileID: 1661581228513992921, guid: f6149485bcbfd7a49908d72dbf0b3f58,
        type: 3}
      propertyPath: m_LocalPosition.z
      value: 0
      objectReference: {fileID: 0}
    - target: {fileID: 1661581228513992921, guid: f6149485bcbfd7a49908d72dbf0b3f58,
        type: 3}
      propertyPath: m_LocalRotation.x
      value: -0
      objectReference: {fileID: 0}
    - target: {fileID: 1661581228513992921, guid: f6149485bcbfd7a49908d72dbf0b3f58,
        type: 3}
      propertyPath: m_LocalRotation.y
      value: -0
      objectReference: {fileID: 0}
    - target: {fileID: 1661581228513992921, guid: f6149485bcbfd7a49908d72dbf0b3f58,
        type: 3}
      propertyPath: m_LocalRotation.z
      value: -0
      objectReference: {fileID: 0}
    - target: {fileID: 1661581228513992921, guid: f6149485bcbfd7a49908d72dbf0b3f58,
        type: 3}
      propertyPath: m_LocalRotation.w
      value: 1
      objectReference: {fileID: 0}
    - target: {fileID: 1661581228513992921, guid: f6149485bcbfd7a49908d72dbf0b3f58,
        type: 3}
      propertyPath: m_RootOrder
      value: 8
      objectReference: {fileID: 0}
    - target: {fileID: 1661581228513992921, guid: f6149485bcbfd7a49908d72dbf0b3f58,
        type: 3}
      propertyPath: m_LocalEulerAnglesHint.x
      value: 0
      objectReference: {fileID: 0}
    - target: {fileID: 1661581228513992921, guid: f6149485bcbfd7a49908d72dbf0b3f58,
        type: 3}
      propertyPath: m_LocalEulerAnglesHint.y
      value: 0
      objectReference: {fileID: 0}
    - target: {fileID: 1661581228513992921, guid: f6149485bcbfd7a49908d72dbf0b3f58,
        type: 3}
      propertyPath: m_LocalEulerAnglesHint.z
      value: 0
      objectReference: {fileID: 0}
    m_RemovedComponents: []
  m_SourcePrefab: {fileID: 100100000, guid: f6149485bcbfd7a49908d72dbf0b3f58, type: 3}
--- !u!4 &255833050490457525 stripped
Transform:
  m_CorrespondingSourceObject: {fileID: 1661581228513992921, guid: f6149485bcbfd7a49908d72dbf0b3f58,
    type: 3}
  m_PrefabInstance: {fileID: 1478299564996914540}
  m_PrefabAsset: {fileID: 0}
--- !u!1001 &1478299565022642629
PrefabInstance:
  m_ObjectHideFlags: 0
  serializedVersion: 2
  m_Modification:
    m_TransformParent: {fileID: 1478299565811705486}
    m_Modifications:
    - target: {fileID: 1661581228513992926, guid: f6149485bcbfd7a49908d72dbf0b3f58,
        type: 3}
      propertyPath: m_Name
      value: BlockUnit (2)
      objectReference: {fileID: 0}
    - target: {fileID: 1661581228513992921, guid: f6149485bcbfd7a49908d72dbf0b3f58,
        type: 3}
      propertyPath: m_LocalPosition.x
      value: -1
      objectReference: {fileID: 0}
    - target: {fileID: 1661581228513992921, guid: f6149485bcbfd7a49908d72dbf0b3f58,
        type: 3}
      propertyPath: m_LocalPosition.y
      value: 1
      objectReference: {fileID: 0}
    - target: {fileID: 1661581228513992921, guid: f6149485bcbfd7a49908d72dbf0b3f58,
        type: 3}
      propertyPath: m_LocalPosition.z
      value: 0
      objectReference: {fileID: 0}
    - target: {fileID: 1661581228513992921, guid: f6149485bcbfd7a49908d72dbf0b3f58,
        type: 3}
      propertyPath: m_LocalRotation.x
      value: -0
      objectReference: {fileID: 0}
    - target: {fileID: 1661581228513992921, guid: f6149485bcbfd7a49908d72dbf0b3f58,
        type: 3}
      propertyPath: m_LocalRotation.y
      value: -0
      objectReference: {fileID: 0}
    - target: {fileID: 1661581228513992921, guid: f6149485bcbfd7a49908d72dbf0b3f58,
        type: 3}
      propertyPath: m_LocalRotation.z
      value: -0
      objectReference: {fileID: 0}
    - target: {fileID: 1661581228513992921, guid: f6149485bcbfd7a49908d72dbf0b3f58,
        type: 3}
      propertyPath: m_LocalRotation.w
      value: 1
      objectReference: {fileID: 0}
    - target: {fileID: 1661581228513992921, guid: f6149485bcbfd7a49908d72dbf0b3f58,
        type: 3}
      propertyPath: m_RootOrder
      value: 2
      objectReference: {fileID: 0}
    - target: {fileID: 1661581228513992921, guid: f6149485bcbfd7a49908d72dbf0b3f58,
        type: 3}
      propertyPath: m_LocalEulerAnglesHint.x
      value: 0
      objectReference: {fileID: 0}
    - target: {fileID: 1661581228513992921, guid: f6149485bcbfd7a49908d72dbf0b3f58,
        type: 3}
      propertyPath: m_LocalEulerAnglesHint.y
      value: 0
      objectReference: {fileID: 0}
    - target: {fileID: 1661581228513992921, guid: f6149485bcbfd7a49908d72dbf0b3f58,
        type: 3}
      propertyPath: m_LocalEulerAnglesHint.z
      value: 0
      objectReference: {fileID: 0}
    m_RemovedComponents: []
  m_SourcePrefab: {fileID: 100100000, guid: f6149485bcbfd7a49908d72dbf0b3f58, type: 3}
--- !u!4 &255833050615816476 stripped
Transform:
  m_CorrespondingSourceObject: {fileID: 1661581228513992921, guid: f6149485bcbfd7a49908d72dbf0b3f58,
    type: 3}
  m_PrefabInstance: {fileID: 1478299565022642629}
  m_PrefabAsset: {fileID: 0}
--- !u!1001 &1478299565126809041
PrefabInstance:
  m_ObjectHideFlags: 0
  serializedVersion: 2
  m_Modification:
    m_TransformParent: {fileID: 1478299565811705486}
    m_Modifications:
    - target: {fileID: 1661581228513992926, guid: f6149485bcbfd7a49908d72dbf0b3f58,
        type: 3}
      propertyPath: m_Name
      value: BlockUnit (1)
      objectReference: {fileID: 0}
    - target: {fileID: 1661581228513992921, guid: f6149485bcbfd7a49908d72dbf0b3f58,
        type: 3}
      propertyPath: m_LocalPosition.x
      value: 0
      objectReference: {fileID: 0}
    - target: {fileID: 1661581228513992921, guid: f6149485bcbfd7a49908d72dbf0b3f58,
        type: 3}
      propertyPath: m_LocalPosition.y
      value: 1
      objectReference: {fileID: 0}
    - target: {fileID: 1661581228513992921, guid: f6149485bcbfd7a49908d72dbf0b3f58,
        type: 3}
      propertyPath: m_LocalPosition.z
      value: 0
      objectReference: {fileID: 0}
    - target: {fileID: 1661581228513992921, guid: f6149485bcbfd7a49908d72dbf0b3f58,
        type: 3}
      propertyPath: m_LocalRotation.x
      value: -0
      objectReference: {fileID: 0}
    - target: {fileID: 1661581228513992921, guid: f6149485bcbfd7a49908d72dbf0b3f58,
        type: 3}
      propertyPath: m_LocalRotation.y
      value: -0
      objectReference: {fileID: 0}
    - target: {fileID: 1661581228513992921, guid: f6149485bcbfd7a49908d72dbf0b3f58,
        type: 3}
      propertyPath: m_LocalRotation.z
      value: -0
      objectReference: {fileID: 0}
    - target: {fileID: 1661581228513992921, guid: f6149485bcbfd7a49908d72dbf0b3f58,
        type: 3}
      propertyPath: m_LocalRotation.w
      value: 1
      objectReference: {fileID: 0}
    - target: {fileID: 1661581228513992921, guid: f6149485bcbfd7a49908d72dbf0b3f58,
        type: 3}
      propertyPath: m_RootOrder
      value: 1
      objectReference: {fileID: 0}
    - target: {fileID: 1661581228513992921, guid: f6149485bcbfd7a49908d72dbf0b3f58,
        type: 3}
      propertyPath: m_LocalEulerAnglesHint.x
      value: 0
      objectReference: {fileID: 0}
    - target: {fileID: 1661581228513992921, guid: f6149485bcbfd7a49908d72dbf0b3f58,
        type: 3}
      propertyPath: m_LocalEulerAnglesHint.y
      value: 0
      objectReference: {fileID: 0}
    - target: {fileID: 1661581228513992921, guid: f6149485bcbfd7a49908d72dbf0b3f58,
        type: 3}
      propertyPath: m_LocalEulerAnglesHint.z
      value: 0
      objectReference: {fileID: 0}
    m_RemovedComponents: []
  m_SourcePrefab: {fileID: 100100000, guid: f6149485bcbfd7a49908d72dbf0b3f58, type: 3}
--- !u!4 &255833049847551240 stripped
Transform:
  m_CorrespondingSourceObject: {fileID: 1661581228513992921, guid: f6149485bcbfd7a49908d72dbf0b3f58,
    type: 3}
  m_PrefabInstance: {fileID: 1478299565126809041}
  m_PrefabAsset: {fileID: 0}
--- !u!1001 &1478299565834596007
PrefabInstance:
  m_ObjectHideFlags: 0
  serializedVersion: 2
  m_Modification:
    m_TransformParent: {fileID: 1478299565811705486}
    m_Modifications:
    - target: {fileID: 1661581228513992926, guid: f6149485bcbfd7a49908d72dbf0b3f58,
        type: 3}
      propertyPath: m_Name
      value: BlockUnit (3)
      objectReference: {fileID: 0}
    - target: {fileID: 1661581228513992921, guid: f6149485bcbfd7a49908d72dbf0b3f58,
        type: 3}
      propertyPath: m_LocalPosition.x
      value: -1
      objectReference: {fileID: 0}
    - target: {fileID: 1661581228513992921, guid: f6149485bcbfd7a49908d72dbf0b3f58,
        type: 3}
      propertyPath: m_LocalPosition.y
      value: 0
      objectReference: {fileID: 0}
    - target: {fileID: 1661581228513992921, guid: f6149485bcbfd7a49908d72dbf0b3f58,
        type: 3}
      propertyPath: m_LocalPosition.z
      value: 0
      objectReference: {fileID: 0}
    - target: {fileID: 1661581228513992921, guid: f6149485bcbfd7a49908d72dbf0b3f58,
        type: 3}
      propertyPath: m_LocalRotation.x
      value: -0
      objectReference: {fileID: 0}
    - target: {fileID: 1661581228513992921, guid: f6149485bcbfd7a49908d72dbf0b3f58,
        type: 3}
      propertyPath: m_LocalRotation.y
      value: -0
      objectReference: {fileID: 0}
    - target: {fileID: 1661581228513992921, guid: f6149485bcbfd7a49908d72dbf0b3f58,
        type: 3}
      propertyPath: m_LocalRotation.z
      value: -0
      objectReference: {fileID: 0}
    - target: {fileID: 1661581228513992921, guid: f6149485bcbfd7a49908d72dbf0b3f58,
        type: 3}
      propertyPath: m_LocalRotation.w
      value: 1
      objectReference: {fileID: 0}
    - target: {fileID: 1661581228513992921, guid: f6149485bcbfd7a49908d72dbf0b3f58,
        type: 3}
      propertyPath: m_RootOrder
      value: 3
      objectReference: {fileID: 0}
    - target: {fileID: 1661581228513992921, guid: f6149485bcbfd7a49908d72dbf0b3f58,
        type: 3}
      propertyPath: m_LocalEulerAnglesHint.x
      value: 0
      objectReference: {fileID: 0}
    - target: {fileID: 1661581228513992921, guid: f6149485bcbfd7a49908d72dbf0b3f58,
        type: 3}
      propertyPath: m_LocalEulerAnglesHint.y
      value: 0
      objectReference: {fileID: 0}
    - target: {fileID: 1661581228513992921, guid: f6149485bcbfd7a49908d72dbf0b3f58,
        type: 3}
      propertyPath: m_LocalEulerAnglesHint.z
      value: 0
      objectReference: {fileID: 0}
    m_RemovedComponents: []
  m_SourcePrefab: {fileID: 100100000, guid: f6149485bcbfd7a49908d72dbf0b3f58, type: 3}
--- !u!4 &255833049246715518 stripped
Transform:
  m_CorrespondingSourceObject: {fileID: 1661581228513992921, guid: f6149485bcbfd7a49908d72dbf0b3f58,
    type: 3}
  m_PrefabInstance: {fileID: 1478299565834596007}
  m_PrefabAsset: {fileID: 0}
--- !u!1001 &1478299565943739425
PrefabInstance:
  m_ObjectHideFlags: 0
  serializedVersion: 2
  m_Modification:
    m_TransformParent: {fileID: 1478299565811705486}
    m_Modifications:
    - target: {fileID: 1661581228513992926, guid: f6149485bcbfd7a49908d72dbf0b3f58,
        type: 3}
      propertyPath: m_Name
      value: BlockUnit (6)
      objectReference: {fileID: 0}
    - target: {fileID: 1661581228513992921, guid: f6149485bcbfd7a49908d72dbf0b3f58,
        type: 3}
      propertyPath: m_LocalPosition.x
      value: 1
      objectReference: {fileID: 0}
    - target: {fileID: 1661581228513992921, guid: f6149485bcbfd7a49908d72dbf0b3f58,
        type: 3}
      propertyPath: m_LocalPosition.y
      value: -1
      objectReference: {fileID: 0}
    - target: {fileID: 1661581228513992921, guid: f6149485bcbfd7a49908d72dbf0b3f58,
        type: 3}
      propertyPath: m_LocalPosition.z
      value: 0
      objectReference: {fileID: 0}
    - target: {fileID: 1661581228513992921, guid: f6149485bcbfd7a49908d72dbf0b3f58,
        type: 3}
      propertyPath: m_LocalRotation.x
      value: -0
      objectReference: {fileID: 0}
    - target: {fileID: 1661581228513992921, guid: f6149485bcbfd7a49908d72dbf0b3f58,
        type: 3}
      propertyPath: m_LocalRotation.y
      value: -0
      objectReference: {fileID: 0}
    - target: {fileID: 1661581228513992921, guid: f6149485bcbfd7a49908d72dbf0b3f58,
        type: 3}
      propertyPath: m_LocalRotation.z
      value: -0
      objectReference: {fileID: 0}
    - target: {fileID: 1661581228513992921, guid: f6149485bcbfd7a49908d72dbf0b3f58,
        type: 3}
      propertyPath: m_LocalRotation.w
      value: 1
      objectReference: {fileID: 0}
    - target: {fileID: 1661581228513992921, guid: f6149485bcbfd7a49908d72dbf0b3f58,
        type: 3}
      propertyPath: m_RootOrder
      value: 6
      objectReference: {fileID: 0}
    - target: {fileID: 1661581228513992921, guid: f6149485bcbfd7a49908d72dbf0b3f58,
        type: 3}
      propertyPath: m_LocalEulerAnglesHint.x
      value: 0
      objectReference: {fileID: 0}
    - target: {fileID: 1661581228513992921, guid: f6149485bcbfd7a49908d72dbf0b3f58,
        type: 3}
      propertyPath: m_LocalEulerAnglesHint.y
      value: 0
      objectReference: {fileID: 0}
    - target: {fileID: 1661581228513992921, guid: f6149485bcbfd7a49908d72dbf0b3f58,
        type: 3}
      propertyPath: m_LocalEulerAnglesHint.z
      value: 0
      objectReference: {fileID: 0}
    m_RemovedComponents: []
  m_SourcePrefab: {fileID: 100100000, guid: f6149485bcbfd7a49908d72dbf0b3f58, type: 3}
--- !u!4 &255833049558185208 stripped
Transform:
  m_CorrespondingSourceObject: {fileID: 1661581228513992921, guid: f6149485bcbfd7a49908d72dbf0b3f58,
    type: 3}
  m_PrefabInstance: {fileID: 1478299565943739425}
  m_PrefabAsset: {fileID: 0}
--- !u!1001 &1478299565992815069
PrefabInstance:
  m_ObjectHideFlags: 0
  serializedVersion: 2
  m_Modification:
    m_TransformParent: {fileID: 1478299565811705486}
    m_Modifications:
    - target: {fileID: 1661581228513992926, guid: f6149485bcbfd7a49908d72dbf0b3f58,
        type: 3}
      propertyPath: m_Name
      value: BlockUnit (4)
      objectReference: {fileID: 0}
    - target: {fileID: 1661581228513992921, guid: f6149485bcbfd7a49908d72dbf0b3f58,
        type: 3}
      propertyPath: m_LocalPosition.x
      value: 1
      objectReference: {fileID: 0}
    - target: {fileID: 1661581228513992921, guid: f6149485bcbfd7a49908d72dbf0b3f58,
        type: 3}
      propertyPath: m_LocalPosition.y
      value: 1
      objectReference: {fileID: 0}
    - target: {fileID: 1661581228513992921, guid: f6149485bcbfd7a49908d72dbf0b3f58,
        type: 3}
      propertyPath: m_LocalPosition.z
      value: 0
      objectReference: {fileID: 0}
    - target: {fileID: 1661581228513992921, guid: f6149485bcbfd7a49908d72dbf0b3f58,
        type: 3}
      propertyPath: m_LocalRotation.x
      value: -0
      objectReference: {fileID: 0}
    - target: {fileID: 1661581228513992921, guid: f6149485bcbfd7a49908d72dbf0b3f58,
        type: 3}
      propertyPath: m_LocalRotation.y
      value: -0
      objectReference: {fileID: 0}
    - target: {fileID: 1661581228513992921, guid: f6149485bcbfd7a49908d72dbf0b3f58,
        type: 3}
      propertyPath: m_LocalRotation.z
      value: -0
      objectReference: {fileID: 0}
    - target: {fileID: 1661581228513992921, guid: f6149485bcbfd7a49908d72dbf0b3f58,
        type: 3}
      propertyPath: m_LocalRotation.w
      value: 1
      objectReference: {fileID: 0}
    - target: {fileID: 1661581228513992921, guid: f6149485bcbfd7a49908d72dbf0b3f58,
        type: 3}
      propertyPath: m_RootOrder
      value: 4
      objectReference: {fileID: 0}
    - target: {fileID: 1661581228513992921, guid: f6149485bcbfd7a49908d72dbf0b3f58,
        type: 3}
      propertyPath: m_LocalEulerAnglesHint.x
      value: 0
      objectReference: {fileID: 0}
    - target: {fileID: 1661581228513992921, guid: f6149485bcbfd7a49908d72dbf0b3f58,
        type: 3}
      propertyPath: m_LocalEulerAnglesHint.y
      value: 0
      objectReference: {fileID: 0}
    - target: {fileID: 1661581228513992921, guid: f6149485bcbfd7a49908d72dbf0b3f58,
        type: 3}
      propertyPath: m_LocalEulerAnglesHint.z
      value: 0
      objectReference: {fileID: 0}
    m_RemovedComponents: []
  m_SourcePrefab: {fileID: 100100000, guid: f6149485bcbfd7a49908d72dbf0b3f58, type: 3}
--- !u!4 &255833049639749892 stripped
Transform:
  m_CorrespondingSourceObject: {fileID: 1661581228513992921, guid: f6149485bcbfd7a49908d72dbf0b3f58,
    type: 3}
  m_PrefabInstance: {fileID: 1478299565992815069}
  m_PrefabAsset: {fileID: 0}
